
@ARTICLE{Bootstrapping,
  author = { Richard T. Harrison and Colin M. Mason and Paul Girling },
  title = { Financial bootstrapping and venture development in the software industry },
  journal = {Entrepreneurship and Regional Development},
  year  = {2004},
  publisher = {Routledge},
  doi = {10.1080/0898562042000263276},
  URL = { https://doi.org/10.1080/0898562042000263276 }
}

@ARTICLE{3ClickRule,
  title={Three-Click rule},
  author={Branka Vuleta},
  journal={SeedsScientific.com},
  year={2021},
  note={\href{https://en.wikipedia.org/wiki/Three-click_rule}{(Visitar)}}
}

@ARTICLE{3ClickRuleMyth,
  title={Three-Click rule myth},
  journal={SeedsScientific.com},
  author={Branka Vuleta},
  year={2021},
  note={\href{https://articles.uie.com/three_click_rule}{(Visitar)}}
}

@ARTICLE{RedshiftPricing,
  title={Redshift pricing},
  author={Branka Vuleta},
  journal={SeedsScientific.com},
  year={2021},
  note={\href{https://aws.amazon.com/es/redshift/pricing/}{(Visitar)}}
}

@ARTICLE{SeparationOfConcerns,
  title={How to implement Design Pattern},
  author={Nathan Natesan},
  journal={CastsOfSoftware.com},
  year={2019},
  note={\href{https://www.castsoftware.com/blog/how-to-implement-design-pattern-separation-of-concerns/}{(Visitar)}}
}

@ARTICLE{DailyData,
  title={How Much Data Is Created Every Day?},
  journal={SeedsScientific.com},
  year={2021},
  author={Branka Vuleta},
  note={\href{https://seedscientific.com/how-much-data-is-created-every-day/}{(Visitar)}}
}

@ARTICLE{RGPD,
  title={Reglamento General de Protección de Datos},
  journal={Diario Oficial de la Unión Europea},
  year={2016},
  author={DOUE},
  note={\href{https://www.boe.es/doue/2016/119/L00001-00088.pdf}{(Visitar)}}
}

@ARTICLE{CallToAction,
  title={9 Ways to Make Your E-commerce Call to Action Irresistible},
  journal={SiteTuners.com},
  year={2019},
  author={Martin Grief},
  note={\href{https://sitetuners.com/blog/9-ways-to-make-your-ecommerce-call-to-action-irresistible/}{(Visitar)}}
}

@ARTICLE{UserStay,
  title={How Long Do Users Stay on Web Pages?},
  journal={NNGroup.com},
  year={2011},
  author={Jakob Nielsen},
  note={\href{https://www.nngroup.com/articles/how-long-do-users-stay-on-web-pages/}{(Visitar)}}
}

@INPROCEEDINGS{InfraAsCode,
  author={Artac, Matej and Borovssak, Tadej and Di Nitto, Elisabetta and Guerriero, Michele and Tamburri, Damian Andrew},
  booktitle={2017 IEEE/ACM 39th International Conference on Software Engineering Companion (ICSE-C)}, 
  title={DevOps: Introducing Infrastructure-as-Code}, 
  year={2017},
  volume={},
  number={},
  pages={497-498},
  doi={10.1109/ICSE-C.2017.162}
}

@BOOK{WhiteSpace,
  author = {Golombisky, Kim and Hagen, Rebecca},
  title = {White Space Is Not Your Enemy},
  year = {2016},
  isbn = {1138804649},
  publisher = {A. K. Peters, Ltd.},
  address = {USA},
  edition = {3rd}
}

@BOOK{AtomicDesign,
  author = {Brad Frost},
  title = {Atomic Design},
  year = {2016},
  isbn = {9780998296609},
  publisher = {Brad Frost},
  address = {USA},
  edition = {1st}
}

@BOOK{ArchitectingCloud,
  author = {Michael J. Kavis},
  title = {Architecting the Cloud: Design Decisions for Cloud Computing Service Models (Saas, Paas, and Iaas)},
  year = {2014},
  isbn = {1118617614},
  publisher = {John Wiley and Sons Inc},
  address = {USA},
  edition = {1st}
}

@misc{ExportGoogle,
  title={Exportar datos de Google},
  note={Centro de soporte de Google. Última visita en Junio de 2022. \href{https://support.google.com/accounts/answer/3024190?hl=es}{(Visitar)}}
}

@misc{ExportFacebook,
  title={Exportar datos de Facebook},
  note={Centro de ayuda de Facebook. Última visita en Junio de 2022. \href{https://www.facebook.com/help/212802592074644}{(Visitar)}}
}

@misc{ExportTwitter,
  title={Exportar datos de Twitter},
  note={Centro de ayuda de Twitter. Última visita en Junio de 2022. \href{https://help.twitter.com/es/managing-your-account/how-to-download-your-twitter-archive}{(Visitar)}}
}

@misc{ExportSpotify,
  title={Exportar datos de Spotify},
  note={Gestion de cuentas de Spotify. Última visita en Junio de 2022. \href{https://www.spotify.com/ca-en/account/privacy/}{(Visitar)}}
}

@misc{ExportTinder,
  title={Exportar datos de Tinder},
  note={https://account.gotinder.com/data. Última visita en Junio de 2022. \href{https://account.gotinder.com/data}{(Visitar)}}
}

@misc{ExportWhatsApp,
  title={Exportar datos de WhatsApp},
  note={FAQ de What's App. Última visita en Junio de 2022. \href{https://faq.whatsapp.com/196737011380816/}{(Visitar)}}
}

@misc{ExportTelegram,
  title={Exportar datos de Telegram},
  note={https://telegram.org/blog/export-and-more. Última visita en Junio de 2022. \href{https://telegram.org/blog/export-and-more}{(Visitar)}}
}

@misc{SpotifyWrapped,
  title={Spotify Wrapped},
  note={https://en.wikipedia.org/wiki/Spotify\_Wrapped. Última visita en Junio de 2022. \href{https://en.wikipedia.org/wiki/Spotify_Wrapped}{(Visitar)}}
}

@misc{TinderInsigths,
  title={Tinder Insights},
  note={https://tinderinsights.com/. Última visita en Junio de 2022. \href{https://tinderinsights.com/}{(Visitar)}}
}

@misc{ChatVisualizer,
  title={Chat Visualizer},
  note={https://chatvisualizer.com/. Última visita en Junio de 2022. \href{https://chatvisualizer.com/}{(Visitar)}}
}

@misc{AWS,
  title={Amazon Web Services},
  note={https://aws.amazon.com/. Última visita en Junio de 2022. \href{https://aws.amazon.com/}{(Visitar)}}
}

@misc{Azure,
  title={Microsoft Azure},
  note={https://azure.microsoft.com/. Última visita en Junio de 2022. \href{https://azure.microsoft.com/}{(Visitar)}}
}

@misc{GoogleCloud,
  title={Google Cloud},
  note={https://cloud.google.com/. Última visita en Junio de 2022. \href{https://cloud.google.com/}{(Visitar)}}
}

@misc{DigitalOcean,
  title={Digital Ocean},
  note={https://www.digitalocean.com/. Última visita en Junio de 2022. \href{https://www.digitalocean.com/}{(Visitar)}}
}

@misc{StateOfJS,
  title={State Of JS},
  note={https://stateofjs.com/. Última visita en Junio de 2022. \href{https://stateofjs.com/}{(Visitar)}}
}

@misc{VueJS,
  title={VueJS},
  note={https://vuejs.org/. Última visita en Junio de 2022. \href{https://vuejs.org/}{(Visitar)}}
}

@misc{NuxtJS,
  title={NuxtJS},
  note={https://nuxtjs.org/. Última visita en Junio de 2022. \href{https://nuxtjs.org/}{(Visitar)}}
}

@misc{FullpageJS,
  title={FullpageJS},
  note={https://alvarotrigo.com/fullPage/es/. Última visita en Junio de 2022. \href{https://alvarotrigo.com/fullPage/es/}{(Visitar)}}
}

@misc{Buefy,
  title={Buefy},
  note={https://buefy.org/. Última visita en Junio de 2022. \href{https://buefy.org/}{(Visitar)}}
}

@misc{Vuex,
  title={Vuex},
  note={https://vuex.vuejs.org/. Última visita en Junio de 2022. \href{https://vuex.vuejs.org/}{(Visitar)}}
}

@misc{Lodash,
  title={Lodash},
  note={https://lodash.com/. Última visita en Junio de 2022. \href{https://lodash.com/}{(Visitar)}}
}

@misc{Repositorio,
  title={Repositorio del proyecto en GitHub},
  note={https://github.com/jmenchero/what-do-they-know/. Última visita en Junio de 2022. \href{https://github.com/jmenchero/what-do-they-know/}{(Visitar)}}
}

@misc{Plataforma,
  title={Acceso al proyecto},
  note={http://wdtk-front.s3-website.eu-west-3.amazonaws.com/. Última visita en Junio de 2022. \href{http://wdtk-front.s3-website.eu-west-3.amazonaws.com/}{(Visitar)}}
}
